%YAML 1.1
%TAG !u! tag:unity3d.com,2011:
--- !u!29 &1
OcclusionCullingSettings:
  m_ObjectHideFlags: 0
  serializedVersion: 2
  m_OcclusionBakeSettings:
    smallestOccluder: 5
    smallestHole: 0.25
    backfaceThreshold: 100
  m_SceneGUID: 00000000000000000000000000000000
  m_OcclusionCullingData: {fileID: 0}
--- !u!104 &2
RenderSettings:
  m_ObjectHideFlags: 0
  serializedVersion: 9
  m_Fog: 0
  m_FogColor: {r: 0.5, g: 0.5, b: 0.5, a: 1}
  m_FogMode: 3
  m_FogDensity: 0.01
  m_LinearFogStart: 0
  m_LinearFogEnd: 300
  m_AmbientSkyColor: {r: 0.212, g: 0.227, b: 0.259, a: 1}
  m_AmbientEquatorColor: {r: 0.114, g: 0.125, b: 0.133, a: 1}
  m_AmbientGroundColor: {r: 0.047, g: 0.043, b: 0.035, a: 1}
  m_AmbientIntensity: 1
  m_AmbientMode: 0
  m_SubtractiveShadowColor: {r: 0.42, g: 0.478, b: 0.627, a: 1}
  m_SkyboxMaterial: {fileID: 10304, guid: 0000000000000000f000000000000000, type: 0}
  m_HaloStrength: 0.5
  m_FlareStrength: 1
  m_FlareFadeSpeed: 3
  m_HaloTexture: {fileID: 0}
  m_SpotCookie: {fileID: 10001, guid: 0000000000000000e000000000000000, type: 0}
  m_DefaultReflectionMode: 0
  m_DefaultReflectionResolution: 128
  m_ReflectionBounces: 1
  m_ReflectionIntensity: 1
  m_CustomReflection: {fileID: 0}
  m_Sun: {fileID: 0}
  m_IndirectSpecularColor: {r: 0.44657826, g: 0.49641263, b: 0.57481676, a: 1}
  m_UseRadianceAmbientProbe: 0
--- !u!157 &3
LightmapSettings:
  m_ObjectHideFlags: 0
  serializedVersion: 11
  m_GIWorkflowMode: 0
  m_GISettings:
    serializedVersion: 2
    m_BounceScale: 1
    m_IndirectOutputScale: 1
    m_AlbedoBoost: 1
    m_TemporalCoherenceThreshold: 1
    m_EnvironmentLightingMode: 0
    m_EnableBakedLightmaps: 1
    m_EnableRealtimeLightmaps: 0
  m_LightmapEditorSettings:
    serializedVersion: 10
    m_Resolution: 2
    m_BakeResolution: 10
    m_AtlasSize: 512
    m_AO: 0
    m_AOMaxDistance: 1
    m_CompAOExponent: 1
    m_CompAOExponentDirect: 0
    m_Padding: 2
    m_LightmapParameters: {fileID: 0}
    m_LightmapsBakeMode: 1
    m_TextureCompression: 1
    m_FinalGather: 0
    m_FinalGatherFiltering: 1
    m_FinalGatherRayCount: 256
    m_ReflectionCompression: 2
    m_MixedBakeMode: 2
    m_BakeBackend: 1
    m_PVRSampling: 1
    m_PVRDirectSampleCount: 32
    m_PVRSampleCount: 256
    m_PVRBounces: 2
    m_PVRFilterTypeDirect: 0
    m_PVRFilterTypeIndirect: 0
    m_PVRFilterTypeAO: 0
    m_PVRFilteringMode: 1
    m_PVRCulling: 1
    m_PVRFilteringGaussRadiusDirect: 1
    m_PVRFilteringGaussRadiusIndirect: 5
    m_PVRFilteringGaussRadiusAO: 2
    m_PVRFilteringAtrousPositionSigmaDirect: 0.5
    m_PVRFilteringAtrousPositionSigmaIndirect: 2
    m_PVRFilteringAtrousPositionSigmaAO: 1
    m_ShowResolutionOverlay: 1
  m_LightingDataAsset: {fileID: 0}
  m_UseShadowmask: 1
--- !u!196 &4
NavMeshSettings:
  serializedVersion: 2
  m_ObjectHideFlags: 0
  m_BuildSettings:
    serializedVersion: 2
    agentTypeID: 0
    agentRadius: 0.5
    agentHeight: 2
    agentSlope: 45
    agentClimb: 0.4
    ledgeDropHeight: 0
    maxJumpAcrossDistance: 0
    minRegionArea: 2
    manualCellSize: 0
    cellSize: 0.16666667
    manualTileSize: 0
    tileSize: 256
    accuratePlacement: 0
    debug:
      m_Flags: 0
  m_NavMeshData: {fileID: 0}
--- !u!1 &21191935 stripped
GameObject:
  m_CorrespondingSourceObject: {fileID: 1244540520830050, guid: 4a458bfcb6c4eee4194b66c8fc55d460,
    type: 2}
  m_PrefabInternal: {fileID: 960006186}
--- !u!1 &170076733
GameObject:
  m_ObjectHideFlags: 0
  m_CorrespondingSourceObject: {fileID: 0}
  m_PrefabInternal: {fileID: 0}
  serializedVersion: 6
  m_Component:
  - component: {fileID: 170076735}
  - component: {fileID: 170076734}
  m_Layer: 0
  m_Name: Directional Light
  m_TagString: Untagged
  m_Icon: {fileID: 0}
  m_NavMeshLayer: 0
  m_StaticEditorFlags: 0
  m_IsActive: 1
--- !u!108 &170076734
Light:
  m_ObjectHideFlags: 0
  m_CorrespondingSourceObject: {fileID: 0}
  m_PrefabInternal: {fileID: 0}
  m_GameObject: {fileID: 170076733}
  m_Enabled: 1
  serializedVersion: 8
  m_Type: 1
  m_Color: {r: 1, g: 0.95686275, b: 0.8392157, a: 1}
  m_Intensity: 1
  m_Range: 10
  m_SpotAngle: 30
  m_CookieSize: 10
  m_Shadows:
    m_Type: 2
    m_Resolution: -1
    m_CustomResolution: -1
    m_Strength: 1
    m_Bias: 0.05
    m_NormalBias: 0.4
    m_NearPlane: 0.2
  m_Cookie: {fileID: 0}
  m_DrawHalo: 0
  m_Flare: {fileID: 0}
  m_RenderMode: 0
  m_CullingMask:
    serializedVersion: 2
    m_Bits: 4294967295
  m_Lightmapping: 1
  m_LightShadowCasterMode: 0
  m_AreaSize: {x: 1, y: 1}
  m_BounceIntensity: 1
  m_ColorTemperature: 6570
  m_UseColorTemperature: 0
  m_ShadowRadius: 0
  m_ShadowAngle: 0
--- !u!4 &170076735
Transform:
  m_ObjectHideFlags: 0
  m_CorrespondingSourceObject: {fileID: 0}
  m_PrefabInternal: {fileID: 0}
  m_GameObject: {fileID: 170076733}
  m_LocalRotation: {x: 0.40821788, y: -0.23456968, z: 0.10938163, w: 0.8754261}
  m_LocalPosition: {x: 0, y: 3, z: 0}
  m_LocalScale: {x: 1, y: 1, z: 1}
  m_Children: []
  m_Father: {fileID: 0}
  m_RootOrder: 1
  m_LocalEulerAnglesHint: {x: 50, y: -30, z: 0}
--- !u!1 &534669902
GameObject:
  m_ObjectHideFlags: 0
  m_CorrespondingSourceObject: {fileID: 0}
  m_PrefabInternal: {fileID: 0}
  serializedVersion: 6
  m_Component:
  - component: {fileID: 534669905}
  - component: {fileID: 534669904}
  - component: {fileID: 534669903}
  m_Layer: 0
  m_Name: Main Camera
  m_TagString: MainCamera
  m_Icon: {fileID: 0}
  m_NavMeshLayer: 0
  m_StaticEditorFlags: 0
  m_IsActive: 1
--- !u!81 &534669903
AudioListener:
  m_ObjectHideFlags: 0
  m_CorrespondingSourceObject: {fileID: 0}
  m_PrefabInternal: {fileID: 0}
  m_GameObject: {fileID: 534669902}
  m_Enabled: 1
--- !u!20 &534669904
Camera:
  m_ObjectHideFlags: 0
  m_CorrespondingSourceObject: {fileID: 0}
  m_PrefabInternal: {fileID: 0}
  m_GameObject: {fileID: 534669902}
  m_Enabled: 1
  serializedVersion: 2
  m_ClearFlags: 2
  m_BackGroundColor: {r: 0.09019608, g: 0.09411765, b: 0.10980392, a: 1}
  m_projectionMatrixMode: 1
  m_SensorSize: {x: 36, y: 24}
  m_LensShift: {x: 0, y: 0}
  m_FocalLength: 50
  m_NormalizedViewPortRect:
    serializedVersion: 2
    x: 0
    y: 0
    width: 1
    height: 1
  near clip plane: 0.3
  far clip plane: 1000
  field of view: 60
  orthographic: 1
  orthographic size: 1
  m_Depth: -1
  m_CullingMask:
    serializedVersion: 2
    m_Bits: 4294967295
  m_RenderingPath: -1
  m_TargetTexture: {fileID: 0}
  m_TargetDisplay: 0
  m_TargetEye: 3
  m_HDR: 1
  m_AllowMSAA: 1
  m_AllowDynamicResolution: 0
  m_ForceIntoRT: 0
  m_OcclusionCulling: 1
  m_StereoConvergence: 10
  m_StereoSeparation: 0.022
--- !u!4 &534669905
Transform:
  m_ObjectHideFlags: 0
  m_CorrespondingSourceObject: {fileID: 0}
  m_PrefabInternal: {fileID: 0}
  m_GameObject: {fileID: 534669902}
  m_LocalRotation: {x: 0, y: 0, z: 0, w: 1}
  m_LocalPosition: {x: 0, y: 1, z: -10}
  m_LocalScale: {x: 1, y: 1, z: 1}
  m_Children: []
  m_Father: {fileID: 0}
  m_RootOrder: 0
  m_LocalEulerAnglesHint: {x: 0, y: 0, z: 0}
--- !u!1001 &928648830
Prefab:
  m_ObjectHideFlags: 0
  serializedVersion: 2
  m_Modification:
    m_TransformParent: {fileID: 0}
    m_Modifications:
    - target: {fileID: 224635940395751210, guid: bbc93244a6234bc4fb6d3821551d4f39,
        type: 2}
      propertyPath: m_LocalPosition.x
      value: 0
      objectReference: {fileID: 0}
    - target: {fileID: 224635940395751210, guid: bbc93244a6234bc4fb6d3821551d4f39,
        type: 2}
      propertyPath: m_LocalPosition.y
      value: 0
      objectReference: {fileID: 0}
    - target: {fileID: 224635940395751210, guid: bbc93244a6234bc4fb6d3821551d4f39,
        type: 2}
      propertyPath: m_LocalPosition.z
      value: 0
      objectReference: {fileID: 0}
    - target: {fileID: 224635940395751210, guid: bbc93244a6234bc4fb6d3821551d4f39,
        type: 2}
      propertyPath: m_LocalRotation.x
      value: 0
      objectReference: {fileID: 0}
    - target: {fileID: 224635940395751210, guid: bbc93244a6234bc4fb6d3821551d4f39,
        type: 2}
      propertyPath: m_LocalRotation.y
      value: 0
      objectReference: {fileID: 0}
    - target: {fileID: 224635940395751210, guid: bbc93244a6234bc4fb6d3821551d4f39,
        type: 2}
      propertyPath: m_LocalRotation.z
      value: 0
      objectReference: {fileID: 0}
    - target: {fileID: 224635940395751210, guid: bbc93244a6234bc4fb6d3821551d4f39,
        type: 2}
      propertyPath: m_LocalRotation.w
      value: 1
      objectReference: {fileID: 0}
    - target: {fileID: 224635940395751210, guid: bbc93244a6234bc4fb6d3821551d4f39,
        type: 2}
      propertyPath: m_RootOrder
      value: 6
      objectReference: {fileID: 0}
    - target: {fileID: 224635940395751210, guid: bbc93244a6234bc4fb6d3821551d4f39,
        type: 2}
      propertyPath: m_AnchoredPosition.x
      value: 0
      objectReference: {fileID: 0}
    - target: {fileID: 224635940395751210, guid: bbc93244a6234bc4fb6d3821551d4f39,
        type: 2}
      propertyPath: m_AnchoredPosition.y
      value: 0
      objectReference: {fileID: 0}
    - target: {fileID: 224635940395751210, guid: bbc93244a6234bc4fb6d3821551d4f39,
        type: 2}
      propertyPath: m_SizeDelta.x
      value: 0
      objectReference: {fileID: 0}
    - target: {fileID: 224635940395751210, guid: bbc93244a6234bc4fb6d3821551d4f39,
        type: 2}
      propertyPath: m_SizeDelta.y
      value: 0
      objectReference: {fileID: 0}
    - target: {fileID: 224635940395751210, guid: bbc93244a6234bc4fb6d3821551d4f39,
        type: 2}
      propertyPath: m_AnchorMin.x
      value: 0
      objectReference: {fileID: 0}
    - target: {fileID: 224635940395751210, guid: bbc93244a6234bc4fb6d3821551d4f39,
        type: 2}
      propertyPath: m_AnchorMin.y
      value: 0
      objectReference: {fileID: 0}
    - target: {fileID: 224635940395751210, guid: bbc93244a6234bc4fb6d3821551d4f39,
        type: 2}
      propertyPath: m_AnchorMax.x
      value: 0
      objectReference: {fileID: 0}
    - target: {fileID: 224635940395751210, guid: bbc93244a6234bc4fb6d3821551d4f39,
        type: 2}
      propertyPath: m_AnchorMax.y
      value: 0
      objectReference: {fileID: 0}
    - target: {fileID: 224635940395751210, guid: bbc93244a6234bc4fb6d3821551d4f39,
        type: 2}
      propertyPath: m_Pivot.x
      value: 0
      objectReference: {fileID: 0}
    - target: {fileID: 224635940395751210, guid: bbc93244a6234bc4fb6d3821551d4f39,
        type: 2}
      propertyPath: m_Pivot.y
      value: 0
      objectReference: {fileID: 0}
    - target: {fileID: 114890056994922942, guid: bbc93244a6234bc4fb6d3821551d4f39,
        type: 2}
      propertyPath: m_OnClick.m_PersistentCalls.m_Calls.Array.data[0].m_Target
      value: 
      objectReference: {fileID: 1504965155}
    - target: {fileID: 114800247967353584, guid: bbc93244a6234bc4fb6d3821551d4f39,
        type: 2}
      propertyPath: m_OnClick.m_PersistentCalls.m_Calls.Array.data[0].m_Target
      value: 
      objectReference: {fileID: 1504965155}
    - target: {fileID: 114745758809775120, guid: bbc93244a6234bc4fb6d3821551d4f39,
        type: 2}
      propertyPath: m_OnClick.m_PersistentCalls.m_Calls.Array.data[0].m_Target
      value: 
      objectReference: {fileID: 1504965155}
    - target: {fileID: 114190335643318160, guid: bbc93244a6234bc4fb6d3821551d4f39,
        type: 2}
      propertyPath: m_OnClick.m_PersistentCalls.m_Calls.Array.data[0].m_Target
      value: 
      objectReference: {fileID: 1504965155}
    - target: {fileID: 114208792887386052, guid: bbc93244a6234bc4fb6d3821551d4f39,
        type: 2}
      propertyPath: m_OnClick.m_PersistentCalls.m_Calls.Array.data[0].m_Target
      value: 
      objectReference: {fileID: 1504965155}
    - target: {fileID: 1704968342538808, guid: bbc93244a6234bc4fb6d3821551d4f39, type: 2}
      propertyPath: m_IsActive
      value: 1
      objectReference: {fileID: 0}
    m_RemovedComponents: []
  m_SourcePrefab: {fileID: 100100000, guid: bbc93244a6234bc4fb6d3821551d4f39, type: 2}
  m_IsPrefabAsset: 0
--- !u!1001 &960006186
Prefab:
  m_ObjectHideFlags: 0
  serializedVersion: 2
  m_Modification:
    m_TransformParent: {fileID: 0}
    m_Modifications:
    - target: {fileID: 4062561195343032, guid: 4a458bfcb6c4eee4194b66c8fc55d460, type: 2}
      propertyPath: m_LocalPosition.x
      value: -0.48
      objectReference: {fileID: 0}
    - target: {fileID: 4062561195343032, guid: 4a458bfcb6c4eee4194b66c8fc55d460, type: 2}
      propertyPath: m_LocalPosition.y
      value: 0.475
      objectReference: {fileID: 0}
    - target: {fileID: 4062561195343032, guid: 4a458bfcb6c4eee4194b66c8fc55d460, type: 2}
      propertyPath: m_LocalPosition.z
      value: 0
      objectReference: {fileID: 0}
    - target: {fileID: 4062561195343032, guid: 4a458bfcb6c4eee4194b66c8fc55d460, type: 2}
      propertyPath: m_LocalRotation.x
      value: 0
      objectReference: {fileID: 0}
    - target: {fileID: 4062561195343032, guid: 4a458bfcb6c4eee4194b66c8fc55d460, type: 2}
      propertyPath: m_LocalRotation.y
      value: 0
      objectReference: {fileID: 0}
    - target: {fileID: 4062561195343032, guid: 4a458bfcb6c4eee4194b66c8fc55d460, type: 2}
      propertyPath: m_LocalRotation.z
      value: 0
      objectReference: {fileID: 0}
    - target: {fileID: 4062561195343032, guid: 4a458bfcb6c4eee4194b66c8fc55d460, type: 2}
      propertyPath: m_LocalRotation.w
      value: 1
      objectReference: {fileID: 0}
    - target: {fileID: 4062561195343032, guid: 4a458bfcb6c4eee4194b66c8fc55d460, type: 2}
      propertyPath: m_RootOrder
      value: 5
      objectReference: {fileID: 0}
    - target: {fileID: 61990277796661048, guid: 4a458bfcb6c4eee4194b66c8fc55d460,
        type: 2}
      propertyPath: m_IsTrigger
      value: 1
      objectReference: {fileID: 0}
    - target: {fileID: 61568786207110552, guid: 4a458bfcb6c4eee4194b66c8fc55d460,
        type: 2}
      propertyPath: m_IsTrigger
      value: 1
      objectReference: {fileID: 0}
    - target: {fileID: 61688303578620136, guid: 4a458bfcb6c4eee4194b66c8fc55d460,
        type: 2}
      propertyPath: m_IsTrigger
      value: 1
      objectReference: {fileID: 0}
    - target: {fileID: 61940082443354246, guid: 4a458bfcb6c4eee4194b66c8fc55d460,
        type: 2}
      propertyPath: m_IsTrigger
      value: 1
      objectReference: {fileID: 0}
    - target: {fileID: 61403157264344126, guid: 4a458bfcb6c4eee4194b66c8fc55d460,
        type: 2}
      propertyPath: m_IsTrigger
      value: 1
      objectReference: {fileID: 0}
    - target: {fileID: 61537367411140266, guid: 4a458bfcb6c4eee4194b66c8fc55d460,
        type: 2}
      propertyPath: m_IsTrigger
      value: 1
      objectReference: {fileID: 0}
    - target: {fileID: 61330127085133102, guid: 4a458bfcb6c4eee4194b66c8fc55d460,
        type: 2}
      propertyPath: m_IsTrigger
      value: 1
      objectReference: {fileID: 0}
    - target: {fileID: 61018374893446074, guid: 4a458bfcb6c4eee4194b66c8fc55d460,
        type: 2}
      propertyPath: m_IsTrigger
      value: 1
      objectReference: {fileID: 0}
    - target: {fileID: 61117144583144850, guid: 4a458bfcb6c4eee4194b66c8fc55d460,
        type: 2}
      propertyPath: m_IsTrigger
      value: 1
      objectReference: {fileID: 0}
    - target: {fileID: 1225550759557042, guid: 4a458bfcb6c4eee4194b66c8fc55d460, type: 2}
      propertyPath: m_Name
      value: 1
      objectReference: {fileID: 0}
    - target: {fileID: 1807790033393590, guid: 4a458bfcb6c4eee4194b66c8fc55d460, type: 2}
      propertyPath: m_Name
      value: 2
      objectReference: {fileID: 0}
    - target: {fileID: 1022673623705262, guid: 4a458bfcb6c4eee4194b66c8fc55d460, type: 2}
      propertyPath: m_Name
      value: 3
      objectReference: {fileID: 0}
    - target: {fileID: 1740635414106786, guid: 4a458bfcb6c4eee4194b66c8fc55d460, type: 2}
      propertyPath: m_Name
      value: 4
      objectReference: {fileID: 0}
    - target: {fileID: 1662165206809198, guid: 4a458bfcb6c4eee4194b66c8fc55d460, type: 2}
      propertyPath: m_Name
      value: 5
      objectReference: {fileID: 0}
    - target: {fileID: 1929109633138060, guid: 4a458bfcb6c4eee4194b66c8fc55d460, type: 2}
      propertyPath: m_Name
      value: 6
      objectReference: {fileID: 0}
    - target: {fileID: 1075017260640658, guid: 4a458bfcb6c4eee4194b66c8fc55d460, type: 2}
      propertyPath: m_Name
      value: 7
      objectReference: {fileID: 0}
    - target: {fileID: 1429305026361670, guid: 4a458bfcb6c4eee4194b66c8fc55d460, type: 2}
      propertyPath: m_Name
      value: 8
      objectReference: {fileID: 0}
    - target: {fileID: 1656625854135748, guid: 4a458bfcb6c4eee4194b66c8fc55d460, type: 2}
      propertyPath: m_Name
      value: 9
      objectReference: {fileID: 0}
    - target: {fileID: 1244540520830050, guid: 4a458bfcb6c4eee4194b66c8fc55d460, type: 2}
      propertyPath: m_IsActive
      value: 1
      objectReference: {fileID: 0}
    m_RemovedComponents: []
  m_SourcePrefab: {fileID: 100100000, guid: 4a458bfcb6c4eee4194b66c8fc55d460, type: 2}
  m_IsPrefabAsset: 0
--- !u!1 &1081397935 stripped
GameObject:
  m_CorrespondingSourceObject: {fileID: 1020970990949372, guid: 2e096a3c8a705094e8103d0bb5840bcd,
    type: 2}
  m_PrefabInternal: {fileID: 1591487270}
--- !u!1 &1151709576
GameObject:
  m_ObjectHideFlags: 0
  m_CorrespondingSourceObject: {fileID: 0}
  m_PrefabInternal: {fileID: 0}
  serializedVersion: 6
  m_Component:
  - component: {fileID: 1151709579}
  - component: {fileID: 1151709578}
  - component: {fileID: 1151709577}
  m_Layer: 0
  m_Name: EventSystem
  m_TagString: Untagged
  m_Icon: {fileID: 0}
  m_NavMeshLayer: 0
  m_StaticEditorFlags: 0
  m_IsActive: 1
--- !u!114 &1151709577
MonoBehaviour:
  m_ObjectHideFlags: 0
  m_CorrespondingSourceObject: {fileID: 0}
  m_PrefabInternal: {fileID: 0}
  m_GameObject: {fileID: 1151709576}
  m_Enabled: 1
  m_EditorHideFlags: 0
  m_Script: {fileID: 1077351063, guid: f70555f144d8491a825f0804e09c671c, type: 3}
  m_Name: 
  m_EditorClassIdentifier: 
  m_HorizontalAxis: Horizontal
  m_VerticalAxis: Vertical
  m_SubmitButton: Submit
  m_CancelButton: Cancel
  m_InputActionsPerSecond: 10
  m_RepeatDelay: 0.5
  m_ForceModuleActive: 0
--- !u!114 &1151709578
MonoBehaviour:
  m_ObjectHideFlags: 0
  m_CorrespondingSourceObject: {fileID: 0}
  m_PrefabInternal: {fileID: 0}
  m_GameObject: {fileID: 1151709576}
  m_Enabled: 1
  m_EditorHideFlags: 0
  m_Script: {fileID: -619905303, guid: f70555f144d8491a825f0804e09c671c, type: 3}
  m_Name: 
  m_EditorClassIdentifier: 
  m_FirstSelected: {fileID: 0}
  m_sendNavigationEvents: 1
  m_DragThreshold: 10
--- !u!4 &1151709579
Transform:
  m_ObjectHideFlags: 0
  m_CorrespondingSourceObject: {fileID: 0}
  m_PrefabInternal: {fileID: 0}
  m_GameObject: {fileID: 1151709576}
  m_LocalRotation: {x: 0, y: 0, z: 0, w: 1}
  m_LocalPosition: {x: 0, y: 0, z: 0}
  m_LocalScale: {x: 1, y: 1, z: 1}
  m_Children: []
  m_Father: {fileID: 0}
  m_RootOrder: 2
  m_LocalEulerAnglesHint: {x: 0, y: 0, z: 0}
--- !u!114 &1475341483 stripped
MonoBehaviour:
  m_CorrespondingSourceObject: {fileID: 114103698972645484, guid: bbc93244a6234bc4fb6d3821551d4f39,
    type: 2}
  m_PrefabInternal: {fileID: 928648830}
  m_Script: {fileID: 708705254, guid: f70555f144d8491a825f0804e09c671c, type: 3}
--- !u!114 &1475341484 stripped
MonoBehaviour:
  m_CorrespondingSourceObject: {fileID: 114475369978330918, guid: bbc93244a6234bc4fb6d3821551d4f39,
    type: 2}
  m_PrefabInternal: {fileID: 928648830}
  m_Script: {fileID: 708705254, guid: f70555f144d8491a825f0804e09c671c, type: 3}
--- !u!1 &1475341485 stripped
GameObject:
  m_CorrespondingSourceObject: {fileID: 1319643012559554, guid: bbc93244a6234bc4fb6d3821551d4f39,
    type: 2}
  m_PrefabInternal: {fileID: 928648830}
--- !u!1 &1475341486 stripped
GameObject:
  m_CorrespondingSourceObject: {fileID: 1045300044549728, guid: bbc93244a6234bc4fb6d3821551d4f39,
    type: 2}
  m_PrefabInternal: {fileID: 928648830}
--- !u!1 &1504965153
GameObject:
  m_ObjectHideFlags: 0
  m_CorrespondingSourceObject: {fileID: 0}
  m_PrefabInternal: {fileID: 0}
  serializedVersion: 6
  m_Component:
  - component: {fileID: 1504965154}
  - component: {fileID: 1504965155}
  m_Layer: 0
  m_Name: SudokuManager
  m_TagString: Untagged
  m_Icon: {fileID: 0}
  m_NavMeshLayer: 0
  m_StaticEditorFlags: 0
  m_IsActive: 1
--- !u!4 &1504965154
Transform:
  m_ObjectHideFlags: 0
  m_CorrespondingSourceObject: {fileID: 0}
  m_PrefabInternal: {fileID: 0}
  m_GameObject: {fileID: 1504965153}
  m_LocalRotation: {x: 0, y: 0, z: 0, w: 1}
  m_LocalPosition: {x: -0.35999998, y: 0.47500002, z: 0}
  m_LocalScale: {x: 1, y: 1, z: 1}
  m_Children: []
  m_Father: {fileID: 0}
  m_RootOrder: 3
  m_LocalEulerAnglesHint: {x: 0, y: 0, z: 0}
--- !u!114 &1504965155
MonoBehaviour:
  m_ObjectHideFlags: 0
  m_CorrespondingSourceObject: {fileID: 0}
  m_PrefabInternal: {fileID: 0}
  m_GameObject: {fileID: 1504965153}
  m_Enabled: 1
  m_EditorHideFlags: 0
  m_Script: {fileID: 11500000, guid: 44ff64ee3f4de6d4f81f41643aa6697b, type: 3}
  m_Name: 
  m_EditorClassIdentifier: 
  _puzzleType: 1
  _gridObject: {fileID: 1081397935}
  _completePanel: {fileID: 1475341486}
  _nextLevelButton: {fileID: 1475341485}
  _puzzleText: {fileID: 2043057306}
  _timerText: {fileID: 2043057307}
  _currentTime: {fileID: 1475341484}
  _recordTime: {fileID: 1475341483}
  _optionsHolder: {fileID: 21191935}
  _highlightCellColor: {r: 0.40392157, g: 0.3137255, b: 0.20392157, a: 0.53333336}
  _numberErrorColor: {r: 0.85882354, g: 0.21568628, b: 0.57254905, a: 1}
  _numberSprites:
  - {fileID: 21300000, guid: 8e4c5c69550feb244b04ba40c81ef041, type: 3}
  - {fileID: 21300000, guid: ba978a5391269034a929b6b5a3e569cf, type: 3}
  - {fileID: 21300000, guid: 53ccf4cbe971aeb4091ff425e97bc518, type: 3}
  - {fileID: 21300000, guid: ac4b4963ec186924ea148ceee18b6bf5, type: 3}
  - {fileID: 21300000, guid: 29a6984091e38e14eb0ea9f7b5e9b7eb, type: 3}
  - {fileID: 21300000, guid: 41a1cf0998af015408e03c857baad7be, type: 3}
  - {fileID: 21300000, guid: c5ea8b2ba99acfd4fb21ca5a1eb37356, type: 3}
  - {fileID: 21300000, guid: 6a24795f39ceada4bb3ba0001837dc13, type: 3}
  - {fileID: 21300000, guid: bf7df22723529e849ae5ec35f4167b3d, type: 3}
--- !u!1001 &1591487270
Prefab:
  m_ObjectHideFlags: 0
  serializedVersion: 2
  m_Modification:
    m_TransformParent: {fileID: 0}
    m_Modifications:
    - target: {fileID: 4336007148291848, guid: 2e096a3c8a705094e8103d0bb5840bcd, type: 2}
      propertyPath: m_LocalPosition.x
      value: -0.48
      objectReference: {fileID: 0}
    - target: {fileID: 4336007148291848, guid: 2e096a3c8a705094e8103d0bb5840bcd, type: 2}
      propertyPath: m_LocalPosition.y
      value: 1.6
      objectReference: {fileID: 0}
    - target: {fileID: 4336007148291848, guid: 2e096a3c8a705094e8103d0bb5840bcd, type: 2}
      propertyPath: m_LocalPosition.z
      value: 0
      objectReference: {fileID: 0}
    - target: {fileID: 4336007148291848, guid: 2e096a3c8a705094e8103d0bb5840bcd, type: 2}
      propertyPath: m_LocalRotation.x
      value: 0
      objectReference: {fileID: 0}
    - target: {fileID: 4336007148291848, guid: 2e096a3c8a705094e8103d0bb5840bcd, type: 2}
      propertyPath: m_LocalRotation.y
      value: 0
      objectReference: {fileID: 0}
    - target: {fileID: 4336007148291848, guid: 2e096a3c8a705094e8103d0bb5840bcd, type: 2}
      propertyPath: m_LocalRotation.z
      value: 0
      objectReference: {fileID: 0}
    - target: {fileID: 4336007148291848, guid: 2e096a3c8a705094e8103d0bb5840bcd, type: 2}
      propertyPath: m_LocalRotation.w
      value: 1
      objectReference: {fileID: 0}
    - target: {fileID: 4336007148291848, guid: 2e096a3c8a705094e8103d0bb5840bcd, type: 2}
      propertyPath: m_RootOrder
      value: 4
      objectReference: {fileID: 0}
    - target: {fileID: 1020970990949372, guid: 2e096a3c8a705094e8103d0bb5840bcd, type: 2}
      propertyPath: m_Name
      value: SudokuHolder
      objectReference: {fileID: 0}
    - target: {fileID: 212182024659351130, guid: 2e096a3c8a705094e8103d0bb5840bcd,
        type: 2}
      propertyPath: m_Sprite
      value: 
      objectReference: {fileID: 0}
    - target: {fileID: 212182024659351130, guid: 2e096a3c8a705094e8103d0bb5840bcd,
        type: 2}
      propertyPath: m_WasSpriteAssigned
      value: 0
      objectReference: {fileID: 0}
    - target: {fileID: 212085279910631586, guid: 2e096a3c8a705094e8103d0bb5840bcd,
        type: 2}
      propertyPath: m_Sprite
      value: 
      objectReference: {fileID: 0}
    - target: {fileID: 212085279910631586, guid: 2e096a3c8a705094e8103d0bb5840bcd,
        type: 2}
      propertyPath: m_WasSpriteAssigned
      value: 0
      objectReference: {fileID: 0}
    - target: {fileID: 212169305000227896, guid: 2e096a3c8a705094e8103d0bb5840bcd,
        type: 2}
      propertyPath: m_Sprite
      value: 
      objectReference: {fileID: 0}
    - target: {fileID: 212169305000227896, guid: 2e096a3c8a705094e8103d0bb5840bcd,
        type: 2}
      propertyPath: m_WasSpriteAssigned
      value: 0
      objectReference: {fileID: 0}
    - target: {fileID: 212367626118280486, guid: 2e096a3c8a705094e8103d0bb5840bcd,
        type: 2}
      propertyPath: m_Sprite
      value: 
      objectReference: {fileID: 0}
    - target: {fileID: 212367626118280486, guid: 2e096a3c8a705094e8103d0bb5840bcd,
        type: 2}
      propertyPath: m_WasSpriteAssigned
      value: 0
      objectReference: {fileID: 0}
    - target: {fileID: 212880892756321942, guid: 2e096a3c8a705094e8103d0bb5840bcd,
        type: 2}
      propertyPath: m_Sprite
      value: 
      objectReference: {fileID: 0}
    - target: {fileID: 212880892756321942, guid: 2e096a3c8a705094e8103d0bb5840bcd,
        type: 2}
      propertyPath: m_WasSpriteAssigned
      value: 0
      objectReference: {fileID: 0}
    - target: {fileID: 212349347116149070, guid: 2e096a3c8a705094e8103d0bb5840bcd,
        type: 2}
      propertyPath: m_Sprite
      value: 
      objectReference: {fileID: 0}
    - target: {fileID: 212349347116149070, guid: 2e096a3c8a705094e8103d0bb5840bcd,
        type: 2}
      propertyPath: m_WasSpriteAssigned
      value: 0
      objectReference: {fileID: 0}
    - target: {fileID: 212628794343563506, guid: 2e096a3c8a705094e8103d0bb5840bcd,
        type: 2}
      propertyPath: m_Sprite
      value: 
      objectReference: {fileID: 0}
    - target: {fileID: 212628794343563506, guid: 2e096a3c8a705094e8103d0bb5840bcd,
        type: 2}
      propertyPath: m_WasSpriteAssigned
      value: 0
      objectReference: {fileID: 0}
    - target: {fileID: 212203506101337420, guid: 2e096a3c8a705094e8103d0bb5840bcd,
        type: 2}
      propertyPath: m_Sprite
      value: 
      objectReference: {fileID: 0}
    - target: {fileID: 212203506101337420, guid: 2e096a3c8a705094e8103d0bb5840bcd,
        type: 2}
      propertyPath: m_WasSpriteAssigned
      value: 0
      objectReference: {fileID: 0}
    - target: {fileID: 212539847240276380, guid: 2e096a3c8a705094e8103d0bb5840bcd,
        type: 2}
      propertyPath: m_Sprite
      value: 
      objectReference: {fileID: 0}
    - target: {fileID: 212539847240276380, guid: 2e096a3c8a705094e8103d0bb5840bcd,
        type: 2}
      propertyPath: m_WasSpriteAssigned
      value: 0
      objectReference: {fileID: 0}
    - target: {fileID: 212089388385215866, guid: 2e096a3c8a705094e8103d0bb5840bcd,
        type: 2}
      propertyPath: m_Sprite
      value: 
      objectReference: {fileID: 0}
    - target: {fileID: 212089388385215866, guid: 2e096a3c8a705094e8103d0bb5840bcd,
        type: 2}
      propertyPath: m_WasSpriteAssigned
      value: 0
      objectReference: {fileID: 0}
    - target: {fileID: 212548364481824700, guid: 2e096a3c8a705094e8103d0bb5840bcd,
        type: 2}
      propertyPath: m_Sprite
      value: 
      objectReference: {fileID: 0}
    - target: {fileID: 212548364481824700, guid: 2e096a3c8a705094e8103d0bb5840bcd,
        type: 2}
      propertyPath: m_WasSpriteAssigned
      value: 0
      objectReference: {fileID: 0}
    - target: {fileID: 212149541396380994, guid: 2e096a3c8a705094e8103d0bb5840bcd,
        type: 2}
      propertyPath: m_Sprite
      value: 
      objectReference: {fileID: 0}
    - target: {fileID: 212149541396380994, guid: 2e096a3c8a705094e8103d0bb5840bcd,
        type: 2}
      propertyPath: m_WasSpriteAssigned
      value: 0
      objectReference: {fileID: 0}
    - target: {fileID: 212052844883886390, guid: 2e096a3c8a705094e8103d0bb5840bcd,
        type: 2}
      propertyPath: m_Sprite
      value: 
      objectReference: {fileID: 0}
    - target: {fileID: 212052844883886390, guid: 2e096a3c8a705094e8103d0bb5840bcd,
        type: 2}
      propertyPath: m_WasSpriteAssigned
      value: 0
      objectReference: {fileID: 0}
    - target: {fileID: 212569126039842976, guid: 2e096a3c8a705094e8103d0bb5840bcd,
        type: 2}
      propertyPath: m_Sprite
      value: 
      objectReference: {fileID: 0}
    - target: {fileID: 212569126039842976, guid: 2e096a3c8a705094e8103d0bb5840bcd,
        type: 2}
      propertyPath: m_WasSpriteAssigned
      value: 0
      objectReference: {fileID: 0}
    - target: {fileID: 212085631722566150, guid: 2e096a3c8a705094e8103d0bb5840bcd,
        type: 2}
      propertyPath: m_Sprite
      value: 
      objectReference: {fileID: 0}
    - target: {fileID: 212085631722566150, guid: 2e096a3c8a705094e8103d0bb5840bcd,
        type: 2}
      propertyPath: m_WasSpriteAssigned
      value: 0
      objectReference: {fileID: 0}
    - target: {fileID: 212536830830799340, guid: 2e096a3c8a705094e8103d0bb5840bcd,
        type: 2}
      propertyPath: m_Sprite
      value: 
      objectReference: {fileID: 0}
    - target: {fileID: 212536830830799340, guid: 2e096a3c8a705094e8103d0bb5840bcd,
        type: 2}
      propertyPath: m_WasSpriteAssigned
      value: 0
      objectReference: {fileID: 0}
    - target: {fileID: 212302359406897802, guid: 2e096a3c8a705094e8103d0bb5840bcd,
        type: 2}
      propertyPath: m_Sprite
      value: 
      objectReference: {fileID: 0}
    - target: {fileID: 212302359406897802, guid: 2e096a3c8a705094e8103d0bb5840bcd,
        type: 2}
      propertyPath: m_WasSpriteAssigned
      value: 0
      objectReference: {fileID: 0}
    - target: {fileID: 212506236751981930, guid: 2e096a3c8a705094e8103d0bb5840bcd,
        type: 2}
      propertyPath: m_Sprite
      value: 
      objectReference: {fileID: 0}
    - target: {fileID: 212506236751981930, guid: 2e096a3c8a705094e8103d0bb5840bcd,
        type: 2}
      propertyPath: m_WasSpriteAssigned
      value: 0
      objectReference: {fileID: 0}
    - target: {fileID: 212335020371649044, guid: 2e096a3c8a705094e8103d0bb5840bcd,
        type: 2}
      propertyPath: m_Sprite
      value: 
      objectReference: {fileID: 0}
    - target: {fileID: 212335020371649044, guid: 2e096a3c8a705094e8103d0bb5840bcd,
        type: 2}
      propertyPath: m_WasSpriteAssigned
      value: 0
      objectReference: {fileID: 0}
    - target: {fileID: 212771606762396058, guid: 2e096a3c8a705094e8103d0bb5840bcd,
        type: 2}
      propertyPath: m_Sprite
      value: 
      objectReference: {fileID: 0}
    - target: {fileID: 212771606762396058, guid: 2e096a3c8a705094e8103d0bb5840bcd,
        type: 2}
      propertyPath: m_WasSpriteAssigned
      value: 0
      objectReference: {fileID: 0}
    - target: {fileID: 212770108700896088, guid: 2e096a3c8a705094e8103d0bb5840bcd,
        type: 2}
      propertyPath: m_Sprite
      value: 
      objectReference: {fileID: 0}
    - target: {fileID: 212770108700896088, guid: 2e096a3c8a705094e8103d0bb5840bcd,
        type: 2}
      propertyPath: m_WasSpriteAssigned
      value: 0
      objectReference: {fileID: 0}
    - target: {fileID: 212252424865869050, guid: 2e096a3c8a705094e8103d0bb5840bcd,
        type: 2}
      propertyPath: m_Sprite
      value: 
      objectReference: {fileID: 0}
    - target: {fileID: 212252424865869050, guid: 2e096a3c8a705094e8103d0bb5840bcd,
        type: 2}
      propertyPath: m_WasSpriteAssigned
      value: 0
      objectReference: {fileID: 0}
    - target: {fileID: 212056459635316906, guid: 2e096a3c8a705094e8103d0bb5840bcd,
        type: 2}
      propertyPath: m_Sprite
      value: 
      objectReference: {fileID: 0}
    - target: {fileID: 212056459635316906, guid: 2e096a3c8a705094e8103d0bb5840bcd,
        type: 2}
      propertyPath: m_WasSpriteAssigned
      value: 0
      objectReference: {fileID: 0}
    - target: {fileID: 212814168789486888, guid: 2e096a3c8a705094e8103d0bb5840bcd,
        type: 2}
      propertyPath: m_Sprite
      value: 
      objectReference: {fileID: 0}
    - target: {fileID: 212814168789486888, guid: 2e096a3c8a705094e8103d0bb5840bcd,
        type: 2}
      propertyPath: m_WasSpriteAssigned
      value: 0
      objectReference: {fileID: 0}
    - target: {fileID: 212421648961686036, guid: 2e096a3c8a705094e8103d0bb5840bcd,
        type: 2}
      propertyPath: m_Sprite
      value: 
      objectReference: {fileID: 0}
    - target: {fileID: 212421648961686036, guid: 2e096a3c8a705094e8103d0bb5840bcd,
        type: 2}
      propertyPath: m_WasSpriteAssigned
      value: 0
      objectReference: {fileID: 0}
    - target: {fileID: 212261872055474116, guid: 2e096a3c8a705094e8103d0bb5840bcd,
        type: 2}
      propertyPath: m_Sprite
      value: 
      objectReference: {fileID: 0}
    - target: {fileID: 212261872055474116, guid: 2e096a3c8a705094e8103d0bb5840bcd,
        type: 2}
      propertyPath: m_WasSpriteAssigned
      value: 0
      objectReference: {fileID: 0}
    - target: {fileID: 212441932335596402, guid: 2e096a3c8a705094e8103d0bb5840bcd,
        type: 2}
      propertyPath: m_Sprite
      value: 
      objectReference: {fileID: 0}
    - target: {fileID: 212441932335596402, guid: 2e096a3c8a705094e8103d0bb5840bcd,
        type: 2}
      propertyPath: m_WasSpriteAssigned
      value: 0
      objectReference: {fileID: 0}
    - target: {fileID: 212519446001987308, guid: 2e096a3c8a705094e8103d0bb5840bcd,
        type: 2}
      propertyPath: m_Sprite
      value: 
      objectReference: {fileID: 0}
    - target: {fileID: 212519446001987308, guid: 2e096a3c8a705094e8103d0bb5840bcd,
        type: 2}
      propertyPath: m_WasSpriteAssigned
      value: 0
      objectReference: {fileID: 0}
    - target: {fileID: 212730127797276246, guid: 2e096a3c8a705094e8103d0bb5840bcd,
        type: 2}
      propertyPath: m_Sprite
      value: 
      objectReference: {fileID: 0}
    - target: {fileID: 212730127797276246, guid: 2e096a3c8a705094e8103d0bb5840bcd,
        type: 2}
      propertyPath: m_WasSpriteAssigned
      value: 0
      objectReference: {fileID: 0}
    - target: {fileID: 212256372063423864, guid: 2e096a3c8a705094e8103d0bb5840bcd,
        type: 2}
      propertyPath: m_Sprite
      value: 
      objectReference: {fileID: 0}
    - target: {fileID: 212256372063423864, guid: 2e096a3c8a705094e8103d0bb5840bcd,
        type: 2}
      propertyPath: m_WasSpriteAssigned
      value: 0
      objectReference: {fileID: 0}
    - target: {fileID: 212092252293286712, guid: 2e096a3c8a705094e8103d0bb5840bcd,
        type: 2}
      propertyPath: m_Sprite
      value: 
      objectReference: {fileID: 0}
    - target: {fileID: 212092252293286712, guid: 2e096a3c8a705094e8103d0bb5840bcd,
        type: 2}
      propertyPath: m_WasSpriteAssigned
      value: 0
      objectReference: {fileID: 0}
    - target: {fileID: 212389513113514798, guid: 2e096a3c8a705094e8103d0bb5840bcd,
        type: 2}
      propertyPath: m_Sprite
      value: 
      objectReference: {fileID: 0}
    - target: {fileID: 212389513113514798, guid: 2e096a3c8a705094e8103d0bb5840bcd,
        type: 2}
      propertyPath: m_WasSpriteAssigned
      value: 0
      objectReference: {fileID: 0}
    - target: {fileID: 212712647555613448, guid: 2e096a3c8a705094e8103d0bb5840bcd,
        type: 2}
      propertyPath: m_Sprite
      value: 
      objectReference: {fileID: 0}
    - target: {fileID: 212712647555613448, guid: 2e096a3c8a705094e8103d0bb5840bcd,
        type: 2}
      propertyPath: m_WasSpriteAssigned
      value: 0
      objectReference: {fileID: 0}
    - target: {fileID: 212373546768218958, guid: 2e096a3c8a705094e8103d0bb5840bcd,
        type: 2}
      propertyPath: m_Sprite
      value: 
      objectReference: {fileID: 0}
    - target: {fileID: 212373546768218958, guid: 2e096a3c8a705094e8103d0bb5840bcd,
        type: 2}
      propertyPath: m_WasSpriteAssigned
      value: 0
      objectReference: {fileID: 0}
    - target: {fileID: 212451530832420250, guid: 2e096a3c8a705094e8103d0bb5840bcd,
        type: 2}
      propertyPath: m_Sprite
      value: 
      objectReference: {fileID: 0}
    - target: {fileID: 212451530832420250, guid: 2e096a3c8a705094e8103d0bb5840bcd,
        type: 2}
      propertyPath: m_WasSpriteAssigned
      value: 0
      objectReference: {fileID: 0}
    - target: {fileID: 212324924344998304, guid: 2e096a3c8a705094e8103d0bb5840bcd,
        type: 2}
      propertyPath: m_Sprite
      value: 
      objectReference: {fileID: 0}
    - target: {fileID: 212324924344998304, guid: 2e096a3c8a705094e8103d0bb5840bcd,
        type: 2}
      propertyPath: m_WasSpriteAssigned
      value: 0
      objectReference: {fileID: 0}
    - target: {fileID: 212993546910586926, guid: 2e096a3c8a705094e8103d0bb5840bcd,
        type: 2}
      propertyPath: m_Sprite
      value: 
      objectReference: {fileID: 0}
    - target: {fileID: 212993546910586926, guid: 2e096a3c8a705094e8103d0bb5840bcd,
        type: 2}
      propertyPath: m_WasSpriteAssigned
      value: 0
      objectReference: {fileID: 0}
    - target: {fileID: 212913456374062418, guid: 2e096a3c8a705094e8103d0bb5840bcd,
        type: 2}
      propertyPath: m_Sprite
      value: 
      objectReference: {fileID: 0}
    - target: {fileID: 212913456374062418, guid: 2e096a3c8a705094e8103d0bb5840bcd,
        type: 2}
      propertyPath: m_WasSpriteAssigned
      value: 0
      objectReference: {fileID: 0}
    - target: {fileID: 212741709425541496, guid: 2e096a3c8a705094e8103d0bb5840bcd,
        type: 2}
      propertyPath: m_Sprite
      value: 
      objectReference: {fileID: 0}
    - target: {fileID: 212741709425541496, guid: 2e096a3c8a705094e8103d0bb5840bcd,
        type: 2}
      propertyPath: m_WasSpriteAssigned
      value: 0
      objectReference: {fileID: 0}
    - target: {fileID: 212176524690017376, guid: 2e096a3c8a705094e8103d0bb5840bcd,
        type: 2}
      propertyPath: m_Sprite
      value: 
      objectReference: {fileID: 0}
    - target: {fileID: 212176524690017376, guid: 2e096a3c8a705094e8103d0bb5840bcd,
        type: 2}
      propertyPath: m_WasSpriteAssigned
      value: 0
      objectReference: {fileID: 0}
    - target: {fileID: 212911745738252208, guid: 2e096a3c8a705094e8103d0bb5840bcd,
        type: 2}
      propertyPath: m_Sprite
      value: 
      objectReference: {fileID: 0}
    - target: {fileID: 212911745738252208, guid: 2e096a3c8a705094e8103d0bb5840bcd,
        type: 2}
      propertyPath: m_WasSpriteAssigned
      value: 0
      objectReference: {fileID: 0}
    - target: {fileID: 212654166665562098, guid: 2e096a3c8a705094e8103d0bb5840bcd,
        type: 2}
      propertyPath: m_Sprite
      value: 
      objectReference: {fileID: 0}
    - target: {fileID: 212654166665562098, guid: 2e096a3c8a705094e8103d0bb5840bcd,
        type: 2}
      propertyPath: m_WasSpriteAssigned
      value: 0
      objectReference: {fileID: 0}
    - target: {fileID: 212519598913983252, guid: 2e096a3c8a705094e8103d0bb5840bcd,
        type: 2}
      propertyPath: m_Sprite
      value: 
      objectReference: {fileID: 0}
    - target: {fileID: 212519598913983252, guid: 2e096a3c8a705094e8103d0bb5840bcd,
        type: 2}
      propertyPath: m_WasSpriteAssigned
      value: 0
      objectReference: {fileID: 0}
    - target: {fileID: 212652458026431138, guid: 2e096a3c8a705094e8103d0bb5840bcd,
        type: 2}
      propertyPath: m_Sprite
      value: 
      objectReference: {fileID: 0}
    - target: {fileID: 212652458026431138, guid: 2e096a3c8a705094e8103d0bb5840bcd,
        type: 2}
      propertyPath: m_WasSpriteAssigned
      value: 0
      objectReference: {fileID: 0}
    - target: {fileID: 212612137982607852, guid: 2e096a3c8a705094e8103d0bb5840bcd,
        type: 2}
      propertyPath: m_Sprite
      value: 
      objectReference: {fileID: 0}
    - target: {fileID: 212612137982607852, guid: 2e096a3c8a705094e8103d0bb5840bcd,
        type: 2}
      propertyPath: m_WasSpriteAssigned
      value: 0
      objectReference: {fileID: 0}
    - target: {fileID: 212501553464507856, guid: 2e096a3c8a705094e8103d0bb5840bcd,
        type: 2}
      propertyPath: m_Sprite
      value: 
      objectReference: {fileID: 0}
    - target: {fileID: 212501553464507856, guid: 2e096a3c8a705094e8103d0bb5840bcd,
        type: 2}
      propertyPath: m_WasSpriteAssigned
      value: 0
      objectReference: {fileID: 0}
    - target: {fileID: 212933178398627468, guid: 2e096a3c8a705094e8103d0bb5840bcd,
        type: 2}
      propertyPath: m_Sprite
      value: 
      objectReference: {fileID: 0}
    - target: {fileID: 212933178398627468, guid: 2e096a3c8a705094e8103d0bb5840bcd,
        type: 2}
      propertyPath: m_WasSpriteAssigned
      value: 0
      objectReference: {fileID: 0}
    - target: {fileID: 212372044698149274, guid: 2e096a3c8a705094e8103d0bb5840bcd,
        type: 2}
      propertyPath: m_Sprite
      value: 
      objectReference: {fileID: 0}
    - target: {fileID: 212372044698149274, guid: 2e096a3c8a705094e8103d0bb5840bcd,
        type: 2}
      propertyPath: m_WasSpriteAssigned
      value: 0
      objectReference: {fileID: 0}
    - target: {fileID: 212486403179036222, guid: 2e096a3c8a705094e8103d0bb5840bcd,
        type: 2}
      propertyPath: m_Sprite
      value: 
      objectReference: {fileID: 0}
    - target: {fileID: 212486403179036222, guid: 2e096a3c8a705094e8103d0bb5840bcd,
        type: 2}
      propertyPath: m_WasSpriteAssigned
      value: 0
      objectReference: {fileID: 0}
    - target: {fileID: 212351462749541634, guid: 2e096a3c8a705094e8103d0bb5840bcd,
        type: 2}
      propertyPath: m_Sprite
      value: 
      objectReference: {fileID: 0}
    - target: {fileID: 212351462749541634, guid: 2e096a3c8a705094e8103d0bb5840bcd,
        type: 2}
      propertyPath: m_WasSpriteAssigned
      value: 0
      objectReference: {fileID: 0}
    - target: {fileID: 212456928151850554, guid: 2e096a3c8a705094e8103d0bb5840bcd,
        type: 2}
      propertyPath: m_Sprite
      value: 
      objectReference: {fileID: 0}
    - target: {fileID: 212456928151850554, guid: 2e096a3c8a705094e8103d0bb5840bcd,
        type: 2}
      propertyPath: m_WasSpriteAssigned
      value: 0
      objectReference: {fileID: 0}
    - target: {fileID: 212553522390020136, guid: 2e096a3c8a705094e8103d0bb5840bcd,
        type: 2}
      propertyPath: m_Sprite
      value: 
      objectReference: {fileID: 0}
    - target: {fileID: 212553522390020136, guid: 2e096a3c8a705094e8103d0bb5840bcd,
        type: 2}
      propertyPath: m_WasSpriteAssigned
      value: 0
      objectReference: {fileID: 0}
    - target: {fileID: 212307986716520392, guid: 2e096a3c8a705094e8103d0bb5840bcd,
        type: 2}
      propertyPath: m_Sprite
      value: 
      objectReference: {fileID: 0}
    - target: {fileID: 212307986716520392, guid: 2e096a3c8a705094e8103d0bb5840bcd,
        type: 2}
      propertyPath: m_WasSpriteAssigned
      value: 0
      objectReference: {fileID: 0}
    - target: {fileID: 212978446817202190, guid: 2e096a3c8a705094e8103d0bb5840bcd,
        type: 2}
      propertyPath: m_Sprite
      value: 
      objectReference: {fileID: 0}
    - target: {fileID: 212978446817202190, guid: 2e096a3c8a705094e8103d0bb5840bcd,
        type: 2}
      propertyPath: m_WasSpriteAssigned
      value: 0
      objectReference: {fileID: 0}
    - target: {fileID: 212139785314159110, guid: 2e096a3c8a705094e8103d0bb5840bcd,
        type: 2}
      propertyPath: m_Sprite
      value: 
      objectReference: {fileID: 0}
    - target: {fileID: 212139785314159110, guid: 2e096a3c8a705094e8103d0bb5840bcd,
        type: 2}
      propertyPath: m_WasSpriteAssigned
      value: 0
      objectReference: {fileID: 0}
    - target: {fileID: 212994925042862922, guid: 2e096a3c8a705094e8103d0bb5840bcd,
        type: 2}
      propertyPath: m_Sprite
      value: 
      objectReference: {fileID: 0}
    - target: {fileID: 212994925042862922, guid: 2e096a3c8a705094e8103d0bb5840bcd,
        type: 2}
      propertyPath: m_WasSpriteAssigned
      value: 0
      objectReference: {fileID: 0}
    - target: {fileID: 212070795452754046, guid: 2e096a3c8a705094e8103d0bb5840bcd,
        type: 2}
      propertyPath: m_Sprite
      value: 
      objectReference: {fileID: 0}
    - target: {fileID: 212070795452754046, guid: 2e096a3c8a705094e8103d0bb5840bcd,
        type: 2}
      propertyPath: m_WasSpriteAssigned
      value: 0
      objectReference: {fileID: 0}
    - target: {fileID: 212905899998007616, guid: 2e096a3c8a705094e8103d0bb5840bcd,
        type: 2}
      propertyPath: m_Sprite
      value: 
      objectReference: {fileID: 0}
    - target: {fileID: 212905899998007616, guid: 2e096a3c8a705094e8103d0bb5840bcd,
        type: 2}
      propertyPath: m_WasSpriteAssigned
      value: 0
      objectReference: {fileID: 0}
    - target: {fileID: 212293450827790708, guid: 2e096a3c8a705094e8103d0bb5840bcd,
        type: 2}
      propertyPath: m_Sprite
      value: 
      objectReference: {fileID: 0}
    - target: {fileID: 212293450827790708, guid: 2e096a3c8a705094e8103d0bb5840bcd,
        type: 2}
      propertyPath: m_WasSpriteAssigned
      value: 0
      objectReference: {fileID: 0}
    - target: {fileID: 212415965164374936, guid: 2e096a3c8a705094e8103d0bb5840bcd,
        type: 2}
      propertyPath: m_Sprite
      value: 
      objectReference: {fileID: 0}
    - target: {fileID: 212415965164374936, guid: 2e096a3c8a705094e8103d0bb5840bcd,
        type: 2}
      propertyPath: m_WasSpriteAssigned
      value: 0
      objectReference: {fileID: 0}
    - target: {fileID: 212500300411024784, guid: 2e096a3c8a705094e8103d0bb5840bcd,
        type: 2}
      propertyPath: m_Sprite
      value: 
      objectReference: {fileID: 0}
    - target: {fileID: 212500300411024784, guid: 2e096a3c8a705094e8103d0bb5840bcd,
        type: 2}
      propertyPath: m_WasSpriteAssigned
      value: 0
      objectReference: {fileID: 0}
    - target: {fileID: 212474121794007286, guid: 2e096a3c8a705094e8103d0bb5840bcd,
        type: 2}
      propertyPath: m_Sprite
      value: 
      objectReference: {fileID: 0}
    - target: {fileID: 212474121794007286, guid: 2e096a3c8a705094e8103d0bb5840bcd,
        type: 2}
      propertyPath: m_WasSpriteAssigned
      value: 0
      objectReference: {fileID: 0}
    - target: {fileID: 212281494257001856, guid: 2e096a3c8a705094e8103d0bb5840bcd,
        type: 2}
      propertyPath: m_Sprite
      value: 
      objectReference: {fileID: 0}
    - target: {fileID: 212281494257001856, guid: 2e096a3c8a705094e8103d0bb5840bcd,
        type: 2}
      propertyPath: m_WasSpriteAssigned
      value: 0
      objectReference: {fileID: 0}
    - target: {fileID: 212976111052692886, guid: 2e096a3c8a705094e8103d0bb5840bcd,
        type: 2}
      propertyPath: m_Sprite
      value: 
      objectReference: {fileID: 0}
    - target: {fileID: 212976111052692886, guid: 2e096a3c8a705094e8103d0bb5840bcd,
        type: 2}
      propertyPath: m_WasSpriteAssigned
      value: 0
      objectReference: {fileID: 0}
    - target: {fileID: 212993183286780960, guid: 2e096a3c8a705094e8103d0bb5840bcd,
        type: 2}
      propertyPath: m_Sprite
      value: 
      objectReference: {fileID: 0}
    - target: {fileID: 212993183286780960, guid: 2e096a3c8a705094e8103d0bb5840bcd,
        type: 2}
      propertyPath: m_WasSpriteAssigned
      value: 0
      objectReference: {fileID: 0}
    - target: {fileID: 212991530645299094, guid: 2e096a3c8a705094e8103d0bb5840bcd,
        type: 2}
      propertyPath: m_Sprite
      value: 
      objectReference: {fileID: 0}
    - target: {fileID: 212991530645299094, guid: 2e096a3c8a705094e8103d0bb5840bcd,
        type: 2}
      propertyPath: m_WasSpriteAssigned
      value: 0
      objectReference: {fileID: 0}
    - target: {fileID: 212953884599186692, guid: 2e096a3c8a705094e8103d0bb5840bcd,
        type: 2}
      propertyPath: m_Sprite
      value: 
      objectReference: {fileID: 0}
    - target: {fileID: 212953884599186692, guid: 2e096a3c8a705094e8103d0bb5840bcd,
        type: 2}
      propertyPath: m_WasSpriteAssigned
      value: 0
      objectReference: {fileID: 0}
    - target: {fileID: 212648187631985548, guid: 2e096a3c8a705094e8103d0bb5840bcd,
        type: 2}
      propertyPath: m_Sprite
      value: 
      objectReference: {fileID: 0}
    - target: {fileID: 212648187631985548, guid: 2e096a3c8a705094e8103d0bb5840bcd,
        type: 2}
      propertyPath: m_WasSpriteAssigned
      value: 0
      objectReference: {fileID: 0}
    - target: {fileID: 212874872062555096, guid: 2e096a3c8a705094e8103d0bb5840bcd,
        type: 2}
      propertyPath: m_Sprite
      value: 
      objectReference: {fileID: 0}
    - target: {fileID: 212874872062555096, guid: 2e096a3c8a705094e8103d0bb5840bcd,
        type: 2}
      propertyPath: m_WasSpriteAssigned
      value: 0
      objectReference: {fileID: 0}
    - target: {fileID: 212688264356986980, guid: 2e096a3c8a705094e8103d0bb5840bcd,
        type: 2}
      propertyPath: m_Sprite
      value: 
      objectReference: {fileID: 0}
    - target: {fileID: 212688264356986980, guid: 2e096a3c8a705094e8103d0bb5840bcd,
        type: 2}
      propertyPath: m_WasSpriteAssigned
      value: 0
      objectReference: {fileID: 0}
    - target: {fileID: 212619415243156760, guid: 2e096a3c8a705094e8103d0bb5840bcd,
        type: 2}
      propertyPath: m_Sprite
      value: 
      objectReference: {fileID: 0}
    - target: {fileID: 212619415243156760, guid: 2e096a3c8a705094e8103d0bb5840bcd,
        type: 2}
      propertyPath: m_WasSpriteAssigned
      value: 0
      objectReference: {fileID: 0}
    - target: {fileID: 212683980403828900, guid: 2e096a3c8a705094e8103d0bb5840bcd,
        type: 2}
      propertyPath: m_Sprite
      value: 
      objectReference: {fileID: 0}
    - target: {fileID: 212683980403828900, guid: 2e096a3c8a705094e8103d0bb5840bcd,
        type: 2}
      propertyPath: m_WasSpriteAssigned
      value: 0
      objectReference: {fileID: 0}
    - target: {fileID: 212257926818265878, guid: 2e096a3c8a705094e8103d0bb5840bcd,
        type: 2}
      propertyPath: m_Sprite
      value: 
      objectReference: {fileID: 0}
    - target: {fileID: 212257926818265878, guid: 2e096a3c8a705094e8103d0bb5840bcd,
        type: 2}
      propertyPath: m_WasSpriteAssigned
      value: 0
      objectReference: {fileID: 0}
    - target: {fileID: 212578835440601350, guid: 2e096a3c8a705094e8103d0bb5840bcd,
        type: 2}
      propertyPath: m_Sprite
      value: 
      objectReference: {fileID: 0}
    - target: {fileID: 212578835440601350, guid: 2e096a3c8a705094e8103d0bb5840bcd,
        type: 2}
      propertyPath: m_WasSpriteAssigned
      value: 0
      objectReference: {fileID: 0}
    - target: {fileID: 212665421772797534, guid: 2e096a3c8a705094e8103d0bb5840bcd,
        type: 2}
      propertyPath: m_Sprite
      value: 
      objectReference: {fileID: 0}
    - target: {fileID: 212665421772797534, guid: 2e096a3c8a705094e8103d0bb5840bcd,
        type: 2}
      propertyPath: m_WasSpriteAssigned
      value: 0
      objectReference: {fileID: 0}
    - target: {fileID: 212962273469882376, guid: 2e096a3c8a705094e8103d0bb5840bcd,
        type: 2}
      propertyPath: m_Sprite
      value: 
      objectReference: {fileID: 0}
    - target: {fileID: 212962273469882376, guid: 2e096a3c8a705094e8103d0bb5840bcd,
        type: 2}
      propertyPath: m_WasSpriteAssigned
      value: 0
      objectReference: {fileID: 0}
    - target: {fileID: 212341899163655770, guid: 2e096a3c8a705094e8103d0bb5840bcd,
        type: 2}
      propertyPath: m_Sprite
      value: 
      objectReference: {fileID: 0}
    - target: {fileID: 212341899163655770, guid: 2e096a3c8a705094e8103d0bb5840bcd,
        type: 2}
      propertyPath: m_WasSpriteAssigned
      value: 0
      objectReference: {fileID: 0}
    - target: {fileID: 212097884663099198, guid: 2e096a3c8a705094e8103d0bb5840bcd,
        type: 2}
      propertyPath: m_Sprite
      value: 
      objectReference: {fileID: 0}
    - target: {fileID: 212097884663099198, guid: 2e096a3c8a705094e8103d0bb5840bcd,
        type: 2}
      propertyPath: m_WasSpriteAssigned
      value: 0
      objectReference: {fileID: 0}
    - target: {fileID: 212271306686917442, guid: 2e096a3c8a705094e8103d0bb5840bcd,
        type: 2}
      propertyPath: m_Sprite
      value: 
      objectReference: {fileID: 0}
    - target: {fileID: 212271306686917442, guid: 2e096a3c8a705094e8103d0bb5840bcd,
        type: 2}
      propertyPath: m_WasSpriteAssigned
      value: 0
      objectReference: {fileID: 0}
    - target: {fileID: 212826704017349336, guid: 2e096a3c8a705094e8103d0bb5840bcd,
        type: 2}
      propertyPath: m_Sprite
      value: 
      objectReference: {fileID: 0}
    - target: {fileID: 212826704017349336, guid: 2e096a3c8a705094e8103d0bb5840bcd,
        type: 2}
      propertyPath: m_WasSpriteAssigned
      value: 0
      objectReference: {fileID: 0}
    - target: {fileID: 212038339620204000, guid: 2e096a3c8a705094e8103d0bb5840bcd,
        type: 2}
      propertyPath: m_Sprite
      value: 
      objectReference: {fileID: 0}
    - target: {fileID: 212038339620204000, guid: 2e096a3c8a705094e8103d0bb5840bcd,
        type: 2}
      propertyPath: m_WasSpriteAssigned
      value: 0
      objectReference: {fileID: 0}
    - target: {fileID: 1583945010556520, guid: 2e096a3c8a705094e8103d0bb5840bcd, type: 2}
      propertyPath: m_IsActive
      value: 1
      objectReference: {fileID: 0}
    - target: {fileID: 1160196475100502, guid: 2e096a3c8a705094e8103d0bb5840bcd, type: 2}
      propertyPath: m_IsActive
      value: 1
      objectReference: {fileID: 0}
    - target: {fileID: 1332059845098118, guid: 2e096a3c8a705094e8103d0bb5840bcd, type: 2}
      propertyPath: m_IsActive
      value: 1
      objectReference: {fileID: 0}
    - target: {fileID: 1398852516470134, guid: 2e096a3c8a705094e8103d0bb5840bcd, type: 2}
      propertyPath: m_IsActive
      value: 1
      objectReference: {fileID: 0}
    - target: {fileID: 1642205979767284, guid: 2e096a3c8a705094e8103d0bb5840bcd, type: 2}
      propertyPath: m_IsActive
      value: 1
      objectReference: {fileID: 0}
    - target: {fileID: 1316456301469322, guid: 2e096a3c8a705094e8103d0bb5840bcd, type: 2}
      propertyPath: m_IsActive
      value: 1
      objectReference: {fileID: 0}
    - target: {fileID: 1237880579882044, guid: 2e096a3c8a705094e8103d0bb5840bcd, type: 2}
      propertyPath: m_IsActive
      value: 1
      objectReference: {fileID: 0}
    - target: {fileID: 1096737974931174, guid: 2e096a3c8a705094e8103d0bb5840bcd, type: 2}
      propertyPath: m_IsActive
      value: 1
      objectReference: {fileID: 0}
    - target: {fileID: 1508458113887968, guid: 2e096a3c8a705094e8103d0bb5840bcd, type: 2}
      propertyPath: m_IsActive
      value: 1
      objectReference: {fileID: 0}
    - target: {fileID: 1695555493113502, guid: 2e096a3c8a705094e8103d0bb5840bcd, type: 2}
      propertyPath: m_IsActive
      value: 1
      objectReference: {fileID: 0}
    - target: {fileID: 1310794863882008, guid: 2e096a3c8a705094e8103d0bb5840bcd, type: 2}
      propertyPath: m_IsActive
      value: 1
      objectReference: {fileID: 0}
    - target: {fileID: 1588130526595542, guid: 2e096a3c8a705094e8103d0bb5840bcd, type: 2}
      propertyPath: m_IsActive
      value: 1
      objectReference: {fileID: 0}
    - target: {fileID: 1714567658308916, guid: 2e096a3c8a705094e8103d0bb5840bcd, type: 2}
      propertyPath: m_IsActive
      value: 1
      objectReference: {fileID: 0}
    - target: {fileID: 1078977641765374, guid: 2e096a3c8a705094e8103d0bb5840bcd, type: 2}
      propertyPath: m_IsActive
      value: 1
      objectReference: {fileID: 0}
    - target: {fileID: 1467445492482710, guid: 2e096a3c8a705094e8103d0bb5840bcd, type: 2}
      propertyPath: m_IsActive
      value: 1
      objectReference: {fileID: 0}
    - target: {fileID: 1903530694732710, guid: 2e096a3c8a705094e8103d0bb5840bcd, type: 2}
      propertyPath: m_IsActive
      value: 1
      objectReference: {fileID: 0}
    - target: {fileID: 1519399197131174, guid: 2e096a3c8a705094e8103d0bb5840bcd, type: 2}
      propertyPath: m_IsActive
      value: 1
      objectReference: {fileID: 0}
    - target: {fileID: 1327191749847686, guid: 2e096a3c8a705094e8103d0bb5840bcd, type: 2}
      propertyPath: m_IsActive
      value: 1
      objectReference: {fileID: 0}
    - target: {fileID: 1834127354633718, guid: 2e096a3c8a705094e8103d0bb5840bcd, type: 2}
      propertyPath: m_IsActive
      value: 1
      objectReference: {fileID: 0}
    - target: {fileID: 1414891908215528, guid: 2e096a3c8a705094e8103d0bb5840bcd, type: 2}
      propertyPath: m_IsActive
      value: 1
      objectReference: {fileID: 0}
    - target: {fileID: 1180980773604176, guid: 2e096a3c8a705094e8103d0bb5840bcd, type: 2}
      propertyPath: m_IsActive
      value: 1
      objectReference: {fileID: 0}
    - target: {fileID: 1180025660031222, guid: 2e096a3c8a705094e8103d0bb5840bcd, type: 2}
      propertyPath: m_IsActive
      value: 1
      objectReference: {fileID: 0}
    - target: {fileID: 1526437645597048, guid: 2e096a3c8a705094e8103d0bb5840bcd, type: 2}
      propertyPath: m_IsActive
      value: 1
      objectReference: {fileID: 0}
    - target: {fileID: 1019767119022562, guid: 2e096a3c8a705094e8103d0bb5840bcd, type: 2}
      propertyPath: m_IsActive
      value: 1
      objectReference: {fileID: 0}
    - target: {fileID: 1422702574155196, guid: 2e096a3c8a705094e8103d0bb5840bcd, type: 2}
      propertyPath: m_IsActive
      value: 1
      objectReference: {fileID: 0}
    - target: {fileID: 1233622679472214, guid: 2e096a3c8a705094e8103d0bb5840bcd, type: 2}
      propertyPath: m_IsActive
      value: 1
      objectReference: {fileID: 0}
    - target: {fileID: 1249901038330854, guid: 2e096a3c8a705094e8103d0bb5840bcd, type: 2}
      propertyPath: m_IsActive
      value: 1
      objectReference: {fileID: 0}
    - target: {fileID: 1836040643363608, guid: 2e096a3c8a705094e8103d0bb5840bcd, type: 2}
      propertyPath: m_IsActive
      value: 1
      objectReference: {fileID: 0}
    - target: {fileID: 1168889066850480, guid: 2e096a3c8a705094e8103d0bb5840bcd, type: 2}
      propertyPath: m_IsActive
      value: 1
      objectReference: {fileID: 0}
    - target: {fileID: 1564328469337966, guid: 2e096a3c8a705094e8103d0bb5840bcd, type: 2}
      propertyPath: m_IsActive
      value: 1
      objectReference: {fileID: 0}
    - target: {fileID: 1652052895494890, guid: 2e096a3c8a705094e8103d0bb5840bcd, type: 2}
      propertyPath: m_IsActive
      value: 1
      objectReference: {fileID: 0}
    - target: {fileID: 1884158080500202, guid: 2e096a3c8a705094e8103d0bb5840bcd, type: 2}
      propertyPath: m_IsActive
      value: 1
      objectReference: {fileID: 0}
    - target: {fileID: 1287667984755238, guid: 2e096a3c8a705094e8103d0bb5840bcd, type: 2}
      propertyPath: m_IsActive
      value: 1
      objectReference: {fileID: 0}
    - target: {fileID: 1430559648902184, guid: 2e096a3c8a705094e8103d0bb5840bcd, type: 2}
      propertyPath: m_IsActive
      value: 1
      objectReference: {fileID: 0}
    - target: {fileID: 1701079880722486, guid: 2e096a3c8a705094e8103d0bb5840bcd, type: 2}
      propertyPath: m_IsActive
      value: 1
      objectReference: {fileID: 0}
    - target: {fileID: 1505257406728480, guid: 2e096a3c8a705094e8103d0bb5840bcd, type: 2}
      propertyPath: m_IsActive
      value: 1
      objectReference: {fileID: 0}
    - target: {fileID: 1654636361091468, guid: 2e096a3c8a705094e8103d0bb5840bcd, type: 2}
      propertyPath: m_IsActive
      value: 1
      objectReference: {fileID: 0}
    - target: {fileID: 1338215466416388, guid: 2e096a3c8a705094e8103d0bb5840bcd, type: 2}
      propertyPath: m_IsActive
      value: 1
      objectReference: {fileID: 0}
    - target: {fileID: 1757440444163216, guid: 2e096a3c8a705094e8103d0bb5840bcd, type: 2}
      propertyPath: m_IsActive
      value: 1
      objectReference: {fileID: 0}
    - target: {fileID: 1541354538573374, guid: 2e096a3c8a705094e8103d0bb5840bcd, type: 2}
      propertyPath: m_IsActive
      value: 1
      objectReference: {fileID: 0}
    - target: {fileID: 1766247898260592, guid: 2e096a3c8a705094e8103d0bb5840bcd, type: 2}
      propertyPath: m_IsActive
      value: 1
      objectReference: {fileID: 0}
    - target: {fileID: 1999703284113662, guid: 2e096a3c8a705094e8103d0bb5840bcd, type: 2}
      propertyPath: m_IsActive
      value: 1
      objectReference: {fileID: 0}
    - target: {fileID: 1592322058710864, guid: 2e096a3c8a705094e8103d0bb5840bcd, type: 2}
      propertyPath: m_IsActive
      value: 1
      objectReference: {fileID: 0}
    - target: {fileID: 1147417541488898, guid: 2e096a3c8a705094e8103d0bb5840bcd, type: 2}
      propertyPath: m_IsActive
      value: 1
      objectReference: {fileID: 0}
    - target: {fileID: 1818535060809498, guid: 2e096a3c8a705094e8103d0bb5840bcd, type: 2}
      propertyPath: m_IsActive
      value: 1
      objectReference: {fileID: 0}
    - target: {fileID: 1383451552684218, guid: 2e096a3c8a705094e8103d0bb5840bcd, type: 2}
      propertyPath: m_IsActive
      value: 1
      objectReference: {fileID: 0}
    - target: {fileID: 1059708340116652, guid: 2e096a3c8a705094e8103d0bb5840bcd, type: 2}
      propertyPath: m_IsActive
      value: 1
      objectReference: {fileID: 0}
    - target: {fileID: 1059868963440590, guid: 2e096a3c8a705094e8103d0bb5840bcd, type: 2}
      propertyPath: m_IsActive
      value: 1
      objectReference: {fileID: 0}
    - target: {fileID: 1280549035854924, guid: 2e096a3c8a705094e8103d0bb5840bcd, type: 2}
      propertyPath: m_IsActive
      value: 1
      objectReference: {fileID: 0}
    - target: {fileID: 1795369905013934, guid: 2e096a3c8a705094e8103d0bb5840bcd, type: 2}
      propertyPath: m_IsActive
      value: 1
      objectReference: {fileID: 0}
    - target: {fileID: 1535139973569956, guid: 2e096a3c8a705094e8103d0bb5840bcd, type: 2}
      propertyPath: m_IsActive
      value: 1
      objectReference: {fileID: 0}
    - target: {fileID: 1214350524000754, guid: 2e096a3c8a705094e8103d0bb5840bcd, type: 2}
      propertyPath: m_IsActive
      value: 1
      objectReference: {fileID: 0}
    - target: {fileID: 1078428929842774, guid: 2e096a3c8a705094e8103d0bb5840bcd, type: 2}
      propertyPath: m_IsActive
      value: 1
      objectReference: {fileID: 0}
    - target: {fileID: 1435838008164932, guid: 2e096a3c8a705094e8103d0bb5840bcd, type: 2}
      propertyPath: m_IsActive
      value: 1
      objectReference: {fileID: 0}
    - target: {fileID: 1739520359433744, guid: 2e096a3c8a705094e8103d0bb5840bcd, type: 2}
      propertyPath: m_IsActive
      value: 1
      objectReference: {fileID: 0}
    - target: {fileID: 1220476033416378, guid: 2e096a3c8a705094e8103d0bb5840bcd, type: 2}
      propertyPath: m_IsActive
      value: 1
      objectReference: {fileID: 0}
    - target: {fileID: 1900418099320502, guid: 2e096a3c8a705094e8103d0bb5840bcd, type: 2}
      propertyPath: m_IsActive
      value: 1
      objectReference: {fileID: 0}
    - target: {fileID: 1716246498647326, guid: 2e096a3c8a705094e8103d0bb5840bcd, type: 2}
      propertyPath: m_IsActive
      value: 1
      objectReference: {fileID: 0}
    - target: {fileID: 1234150204890886, guid: 2e096a3c8a705094e8103d0bb5840bcd, type: 2}
      propertyPath: m_IsActive
      value: 1
      objectReference: {fileID: 0}
    - target: {fileID: 1758179116340268, guid: 2e096a3c8a705094e8103d0bb5840bcd, type: 2}
      propertyPath: m_IsActive
      value: 1
      objectReference: {fileID: 0}
    - target: {fileID: 1305362198809218, guid: 2e096a3c8a705094e8103d0bb5840bcd, type: 2}
      propertyPath: m_IsActive
      value: 1
      objectReference: {fileID: 0}
    - target: {fileID: 1200242586442302, guid: 2e096a3c8a705094e8103d0bb5840bcd, type: 2}
      propertyPath: m_IsActive
      value: 1
      objectReference: {fileID: 0}
    - target: {fileID: 1308493346037902, guid: 2e096a3c8a705094e8103d0bb5840bcd, type: 2}
      propertyPath: m_IsActive
      value: 1
      objectReference: {fileID: 0}
    - target: {fileID: 1436137040308162, guid: 2e096a3c8a705094e8103d0bb5840bcd, type: 2}
      propertyPath: m_IsActive
      value: 1
      objectReference: {fileID: 0}
    - target: {fileID: 1442086284348180, guid: 2e096a3c8a705094e8103d0bb5840bcd, type: 2}
      propertyPath: m_IsActive
      value: 1
      objectReference: {fileID: 0}
    - target: {fileID: 1172156077575046, guid: 2e096a3c8a705094e8103d0bb5840bcd, type: 2}
      propertyPath: m_IsActive
      value: 1
      objectReference: {fileID: 0}
    - target: {fileID: 1801440503898824, guid: 2e096a3c8a705094e8103d0bb5840bcd, type: 2}
      propertyPath: m_IsActive
      value: 1
      objectReference: {fileID: 0}
    - target: {fileID: 1599047587255034, guid: 2e096a3c8a705094e8103d0bb5840bcd, type: 2}
      propertyPath: m_IsActive
      value: 1
      objectReference: {fileID: 0}
    - target: {fileID: 1296007504049338, guid: 2e096a3c8a705094e8103d0bb5840bcd, type: 2}
      propertyPath: m_IsActive
      value: 1
      objectReference: {fileID: 0}
    - target: {fileID: 1216041202658988, guid: 2e096a3c8a705094e8103d0bb5840bcd, type: 2}
      propertyPath: m_IsActive
      value: 1
      objectReference: {fileID: 0}
    - target: {fileID: 1722626049190760, guid: 2e096a3c8a705094e8103d0bb5840bcd, type: 2}
      propertyPath: m_IsActive
      value: 1
      objectReference: {fileID: 0}
    - target: {fileID: 1708638866736626, guid: 2e096a3c8a705094e8103d0bb5840bcd, type: 2}
      propertyPath: m_IsActive
      value: 1
      objectReference: {fileID: 0}
    - target: {fileID: 1221846132934648, guid: 2e096a3c8a705094e8103d0bb5840bcd, type: 2}
      propertyPath: m_IsActive
      value: 1
      objectReference: {fileID: 0}
    - target: {fileID: 1335054522379154, guid: 2e096a3c8a705094e8103d0bb5840bcd, type: 2}
      propertyPath: m_IsActive
      value: 1
      objectReference: {fileID: 0}
    - target: {fileID: 1545365914295262, guid: 2e096a3c8a705094e8103d0bb5840bcd, type: 2}
      propertyPath: m_IsActive
      value: 1
      objectReference: {fileID: 0}
    - target: {fileID: 1718550665390298, guid: 2e096a3c8a705094e8103d0bb5840bcd, type: 2}
      propertyPath: m_IsActive
      value: 1
      objectReference: {fileID: 0}
    - target: {fileID: 1228706813321236, guid: 2e096a3c8a705094e8103d0bb5840bcd, type: 2}
      propertyPath: m_IsActive
      value: 1
      objectReference: {fileID: 0}
    - target: {fileID: 1055443193685366, guid: 2e096a3c8a705094e8103d0bb5840bcd, type: 2}
      propertyPath: m_IsActive
      value: 1
      objectReference: {fileID: 0}
    - target: {fileID: 1020970990949372, guid: 2e096a3c8a705094e8103d0bb5840bcd, type: 2}
      propertyPath: m_IsActive
      value: 1
      objectReference: {fileID: 0}
    m_RemovedComponents: []
  m_SourcePrefab: {fileID: 100100000, guid: 2e096a3c8a705094e8103d0bb5840bcd, type: 2}
  m_IsPrefabAsset: 0
--- !u!114 &2043057306 stripped
MonoBehaviour:
  m_CorrespondingSourceObject: {fileID: 114138223026434730, guid: bbc93244a6234bc4fb6d3821551d4f39,
    type: 2}
  m_PrefabInternal: {fileID: 928648830}
  m_Script: {fileID: 708705254, guid: f70555f144d8491a825f0804e09c671c, type: 3}
--- !u!114 &2043057307 stripped
MonoBehaviour:
  m_CorrespondingSourceObject: {fileID: 114976323574869952, guid: bbc93244a6234bc4fb6d3821551d4f39,
    type: 2}
  m_PrefabInternal: {fileID: 928648830}
  m_Script: {fileID: 708705254, guid: f70555f144d8491a825f0804e09c671c, type: 3}
